@inproceedings{wang2008scientific,
  title={Scientific cloud computing: Early definition and experience},
  author={Wang, Lizhe and Tao, Jie and Kunze, Marcel and Castellanos, Alvaro Canales and Kramer, David and Karl, Wolfgang},
  booktitle={2008 10th ieee international conference on high performance computing and communications},
  pages={825--830},
  year={2008},
  organization={Ieee}
}

@online{vladimir2021cloudcomputing,
    title        = {26 Cloud Computing Statistics, Facts & Trends for 2021},
    author       = {Vladimir Sumina},
    year         = 2021,
    url          = {https://www.cloudwards.net/cloud-computing-statistics/},
    urldate      = {2021-07-12}
}

@online{timothy2018risk,
    title        = {12 Risks, Threats, & Vulnerabilities in Moving to the Cloud},
    author       = {Timothy Morrow},
    year         = 2018,
    url          = {https://insights.sei.cmu.edu/blog/12-risks-threats-vulnerabilities-in-moving-to-the-cloud/},
    urldate      = {2021-07-12}
}
@online{mcafee2020risk,
    title        = {McAfee cloud adoption and risk report},
    author       = {McAfee},
    year         = 2020,
    url          = {https://www.cybersecasia.net/whitepapers/mcafee-cloud-adoption-and-risk-report},
    urldate      = {2021-07-12}
}

@article{emms1987definition,
  title={A definition of an access control systems language},
  author={Emms, Judy},
  journal={Computer standards \& interfaces},
  volume={6},
  number={4},
  pages={443--454},
  year={1987},
  publisher={Elsevier}
}
@article{sandhu1996role,
  title={Role-based access control models},
  author={Sandhu, Ravi S and Coyne, Edward J and Feinstein, Hal L and Youman, Charles E},
  journal={Computer},
  volume={29},
  number={2},
  pages={38--47},
  year={1996},
  publisher={IEEE}
}
@article{nyanchama1996modeling,
  title={Modeling mandatory access control in role-based security systems},
  author={Nyanchama, Matunda and Osborn, Sylvia},
  journal={Database Security IX: Status and Prospects},
  pages={129--144},
  year={1996},
  publisher={Springer}
}

@techreport{bell1973secure,
  title={Secure computer systems: Mathematical foundations},
  author={Bell, D Elliott and LaPadula, Leonard J},
  year={1973},
  institution={MITRE CORP BEDFORD MA}
}

@inproceedings{osborn1997mandatory,
  title={Mandatory access control and role-based access control revisited},
  author={Osborn, Sylvia},
  booktitle={Proceedings of the second ACM workshop on Role-based access control},
  pages={31--40},
  year={1997}
}

@article{tang2018self,
  title={A self-adaptive Bell--LaPadula model based on model training with historical access logs},
  author={Tang, Zhuo and Ding, Xiaofei and Zhong, Ying and Yang, Li and Li, Keqin},
  journal={IEEE Transactions on Information Forensics and Security},
  volume={13},
  number={8},
  pages={2047--2061},
  year={2018},
  publisher={IEEE}
}

@techreport{mclean1990security,
  title={Security models and information flow},
  author={McLean, John},
  year={1990},
  institution={NAVAL RESEARCH LAB WASHINGTON DC CENTER FOR HIGH ASSURANCE COMPUTING SYSTEMS~…}
}

@inproceedings{zhu2016application,
  title={Application of modified BLP model on mobile web operating system},
  author={Zhu, Dali and Yang, Ying and Jin, Hao and Shao, Jing and Feng, Wei-Miao},
  booktitle={2016 IEEE Trustcom/BigDataSE/ISPA},
  pages={1818--1824},
  year={2016},
  organization={IEEE}
}

@inproceedings{ou2009research,
  title={Research on trusted network model based on BLP model},
  author={Ou, Wei and Wang, Xiaofeng and Han, Wenbao and Wang, Yongjun},
  booktitle={2009 Fourth International Conference on Computer Sciences and Convergence Information Technology},
  pages={1137--1142},
  year={2009},
  organization={IEEE}
}

@article{yang2019using,
  title={Using Conditional Random Fields to Optimize a Self-Adaptive Bell--LaPadula Model in Control Systems},
  author={Yang, Li and Wang, Jin and Tang, Zhuo and Xiong, Neal N},
  journal={IEEE Transactions on Systems, Man, and Cybernetics: Systems},
  volume={51},
  number={7},
  pages={4505--4519},
  year={2019},
  publisher={IEEE}
}

@book{hu2006assessment,
  title={Assessment of access control systems},
  author={Hu, Vincent C and Ferraiolo, David and Kuhn, D Richard and others},
  year={2006},
  publisher={US Department of Commerce, National Institute of Standards and Technology~…}
}

@article{hu2015attribute,
  title={Attribute-based access control},
  author={Hu, Vincent C and Kuhn, D Richard and Ferraiolo, David F and Voas, Jeffrey},
  journal={Computer},
  volume={48},
  number={2},
  pages={85--88},
  year={2015},
  publisher={IEEE}
}

@article{hu2013guide,
  title={Guide to attribute based access control (abac) definition and considerations (draft)},
  author={Hu, Vincent C and Ferraiolo, David and Kuhn, Rick and Friedman, Arthur R and Lang, Alan J and Cogdell, Margaret M and Schnitzer, Adam and Sandlin, Kenneth and Miller, Robert and Scarfone, Karen and others},
  journal={NIST special publication},
  volume={800},
  number={162},
  pages={1--54},
  year={2013},
  publisher={Citeseer}
}
@inproceedings{yuan2005attributed,
  title={Attributed based access control (ABAC) for web services},
  author={Yuan, Eric and Tong, Jin},
  booktitle={IEEE International Conference on Web Services (ICWS'05)},
  year={2005},
  organization={IEEE}
}

@article{kumar2015enhanced,
  title={Enhanced attribute based encryption for cloud computing},
  author={Kumar, N Saravana and Lakshmi, GV Rajya and Balamurugan, Balamurugan},
  journal={Procedia Computer Science},
  volume={46},
  pages={689--696},
  year={2015},
  publisher={Elsevier}
}