@incollection{feynman2018simulating,
  title={Simulating physics with computers},
  author={Feynman, Richard P},
  booktitle={Feynman and computation},
  pages={133--153},
  year={2018},
  publisher={CRC Press}
}

@article{deutsch1985quantum,
  title={Quantum theory, the Church--Turing principle and the universal quantum computer},
  author={Deutsch, David},
  journal={Proceedings of the Royal Society of London. A. Mathematical and Physical Sciences},
  volume={400},
  number={1818},
  pages={97--117},
  year={1985},
  publisher={The Royal Society London}
}

@inproceedings{shor1994algorithms,
  title={Algorithms for quantum computation: discrete logarithms and factoring},
  author={Shor, Peter W},
  booktitle={Proceedings 35th annual symposium on foundations of computer science},
  pages={124--134},
  year={1994},
  organization={Ieee}
}

@online{elsevie2021quantum,
    title        = {Quantum computing research trends report},
    author       = {Elsevier, B.V},
    year         = 2021,
    url          = {https://www.elsevier.com/solutions/scopus/research-and-development/quantum-computing-report},
    urldate      = {2023-05-29}
}
@online{Quantique2018quantum,
    title        = {China’s growing investment in quantum computing},
    author       = {ID Quantique},
    year         = 2018,
    url          = {https://www.idquantique.com/chinas-growing-investment-in-quantum-computing/},
    urldate      = {2023-05-29}
}
@online{cuckhoahoc2021quantum,
    title        = {Những nội dung cơ bản trong kế hoạch phát triển kinh tế - xã hội 5 năm lần thứ 14 (2021-2025) và tầm nhìn đến năm 2035 của Trung Quốc},
    author       = {Cục thông tin Khoa học và Công nghệ Quốc gia},
    year         = 2021,
    url          = {https://vista.gov.vn/vn-uploads/chien-luoc-phat-trien/2021_05/ban-tin-chien-luoc-so5-2021-nhung-noi-dung-co-ban-trong-ke-hoach-14-cua-tq.pdf},
    urldate      = {2023-05-29}
}
@online{jeffrey2017quantum,
    title        = {China is opening a new quantum research supercenter},
    author       = {Jeffey Lin and P.W. Singer},
    year         = 2017,
    url          = {https://www.popsci.com/chinas-launches-new-quantum-research-supercenter/},
    urldate      = {2023-05-29}
}

@article{marella2020introduction,
  title={Introduction to quantum computing},
  author={Marella, Surya Teja and Parisa, Hemanth Sai Kumar},
  journal={Quantum Computing and Communications},
  year={2020},
  publisher={IntechOpen}
}